<record><leader>00000cas a22000007a 4500</leader><controlfield tag="001">22775162</controlfield><controlfield tag="008">901204c19869999ohuwr ne      0    0eng d</controlfield><datafield ind1=" " ind2=" " tag="010"><subfield code="a">sn 90068500 </subfield></datafield><datafield ind1=" " ind2=" " tag="040"><subfield code="a">ONP</subfield><subfield code="b">eng</subfield><subfield code="c">ONP</subfield><subfield code="d">OCLCQ</subfield></datafield><datafield ind1=" " ind2=" " tag="042"><subfield code="a">msc</subfield></datafield><datafield ind1="0" ind2=" " tag="130"><subfield code="a">Hometown news (Conneaut, Ohio)</subfield></datafield><datafield ind1="1" ind2="0" tag="245"><subfield code="a">Hometown news.</subfield></datafield><datafield ind1="3" ind2="0" tag="246"><subfield code="a">Home town news</subfield></datafield><datafield ind1=" " ind2=" " tag="260"><subfield code="a">Conneaut, Ohio :</subfield><subfield code="b">Hometown News, Inc.,</subfield><subfield code="c">1986-</subfield></datafield><datafield ind1=" " ind2=" " tag="300"><subfield code="a">v.</subfield></datafield><datafield ind1=" " ind2=" " tag="310"><subfield code="a">Weekly</subfield></datafield><datafield ind1="0" ind2=" " tag="362"><subfield code="a">Vol. 1, issue 1 (July 17, 1986)-</subfield></datafield><datafield ind1=" " ind2=" " tag="752"><subfield code="a">United States</subfield><subfield code="b">Ohio</subfield><subfield code="c">Ashtabula</subfield><subfield code="d">Conneaut.</subfield></datafield></record>